@inproceedings{pldi19,
  title={Synthesizing database programs for schema refactoring},
  author={Wang, Yuepeng and Dong, James and Shah, Rushi and Dillig, Isil},
  booktitle={Proceedings of the 40th ACM SIGPLAN Conference on Programming Language Design and Implementation},
  pages={286--300},
  year={2019}
}

@article{vldb20,
  title={Data migration using datalog program synthesis},
  author={Wang, Yuepeng and Shah, Rushi and Criswell, Abby and Pan, Rong and Dillig, Isil},
  journal={Proceedings of the VLDB Endowment},
  volume={13},
  number={7},
  pages={1006--1019},
  year={2020},
  publisher={VLDB Endowment}
}

@book{sketch,
  title={Program synthesis by sketching},
  author={Solar-Lezama, Armando and Bodik, Rastislav},
  year={2008},
  publisher={Citeseer}
}

@article{wang2017verifying,
  title={Verifying equivalence of database-driven applications},
  author={Wang, Yuepeng and Dillig, Isil and Lahiri, Shuvendu K and Cook, William R},
  journal={Proceedings of the ACM on Programming Languages},
  volume={2},
  number={POPL},
  pages={1--29},
  year={2017},
  publisher={ACM New York, NY, USA}
}

@article{mitra-vldb18,
  author    = {Navid Yaghmazadeh and
               Xinyu Wang and
               Isil Dillig},
  title     = {Automated Migration of Hierarchical Data to Relational Tables using
               Programming-by-Example},
  journal   = {{PVLDB}},
  volume    = {11},
  number    = {5},
  pages     = {580--593},
  year      = {2018},
}

@misc{mongodb-web,
    title = {{MongoDB}},
    howpublished = {\url{https://www.mongodb.com}},
    year={2019},
}

@misc{kaggle-web,
    title = {{Kaggle}},
    howpublished = {\url{https://www.kaggle.com}},
    year={2019},
}

@inproceedings{souffle-cav16,
  author    = {Herbert Jordan and
               Bernhard Scholz and
               Pavle Subotic},
  title     = {Souffl{\'{e}}: On Synthesis of Program Analyzers},
  booktitle = {Proceedings of {CAV}},
  pages     = {422--430},
  year      = {2016},
}

@inproceedings{z3-tacas08,
  author    = {Leonardo Mendon{\c{c}}a de Moura and
               Nikolaj Bj{\o}rner},
  title     = {{Z3:} An Efficient {SMT} Solver},
  booktitle = {Proceedings of {TACAS}},
  pages     = {337--340},
  year      = {2008},
}